<?xml version="1.0" encoding="UTF-8"?><record xmlns="http://www.loc.gov/MARC21/slim" xmlns:cinclude="http://apache.org/cocoon/include/1.0" xmlns:zs="http://www.loc.gov/zing/srw/">
  <leader>00484nz  a2200145n  4500</leader>
  <controlfield tag="001">no2009134858</controlfield>
  <controlfield tag="003">DLC</controlfield>
  <controlfield tag="005">20090828075438.0</controlfield>
  <controlfield tag="008">090826n| acannaabn          |a aaa     c</controlfield>
  <datafield tag="010" ind1=" " ind2=" ">
    <subfield code="a">no2009134858</subfield>
  </datafield>
  <datafield tag="035" ind1=" " ind2=" ">
    <subfield code="a">(OCoLC)oca08219561</subfield>
  </datafield>
  <datafield tag="040" ind1=" " ind2=" ">
    <subfield code="a">OkU</subfield>
    <subfield code="b">eng</subfield>
    <subfield code="c">OkU</subfield>
  </datafield>
  <datafield tag="100" ind1="1" ind2=" ">
    <subfield code="a">Rajendran, S.</subfield>
    <subfield code="q">(Subbiyan)</subfield>
  </datafield>
  <datafield tag="400" ind1="1" ind2=" ">
    <subfield code="a">Rajendran, Subbiyan</subfield>
  </datafield>
  <datafield tag="670" ind1=" " ind2=" ">
    <subfield code="a">Advanced textiles for wound care, 2009:</subfield>
    <subfield code="b">t.p. (S. Rajendran) cover p. 4 (Subbiyan Rajendran, senior scientist and researcher, Univ. of Bolton, UK)</subfield>
  </datafield>
</record>